@article{ref_sample,
  title={{The paper That Is Very Important}},
  author={Younghee Lee and Gil Dong Hong},
  journal={Some Journal},
  volume={1},
  number={1},
  pages={1--2},
  year={2020}
}
@inproceedings{kim2017coalescing,
  title={Coalescing HDFS blocks to avoid recurring yarn container overhead},
  author={Kim, Wonbae and Choi, Young-Ri and Nam, Beomseok},
  booktitle={Cloud Computing (CLOUD), 2017 IEEE 10th International Conference on},
  pages={214--221},
  year={2017},
  organization={IEEE}
}

@inproceedings{sanchez2017eclipsemr,
  title={EclipseMR: Distributed and Parallel Task Processing with Consistent Hashing},
  author={Sanchez, Vicente AB and Kim, Wonbae and Eom, Youngmoon and Jin, Kibeom and Nam, Moohyeon and Hwang, Deukyeon and Kim, Jik-Soo and Nam, Beomseok},
  booktitle={Cluster Computing (CLUSTER), 2017 IEEE International Conference on},
  pages={322--332},
  year={2017},
  organization={IEEE}
}